@book{compsecbook,
	author = {Charles P. Fleeger and Shari Lawrence Pfleeger and Jonathan Marguiles},
	title = {Security in Computing},
	year = {2002},

	edition = {5},
	
	publisher = {Prenitence Hall},

}
